@book{boretzky1994,
  title={Romani: Grammatik des Kalderaš-Dialektes mit Texten und Glossar},
  author={Boretzky, Norbert},
  address={Wiesbaden},
  publisher={Harrassowitz Verlag},
  year={1994}
}

@incollection{vanriemsdijk2006,
  series = {2},
  title = {Free Relatives},
  booktitle = {The {{Blackwell Companion}} to Syntax},
  publisher = {{Oxford: Blackwell Publishing}},
  author = {Van Riemsdijk, Henk},
  editor = {Everaert, Martin and {van Riemsdijk}, Henk},
  year = {2006},
  pages = {338-382},
  doi = {10.1002/9780470996591.ch27}
}

@book{nikolaeva1999,
  title = {Ostyak},
  address = {München},
  publisher = {Lincom Europa},
  author = {Nikolaeva, Irina},
  year = {1999}
}

@phdthesis{himmelreich2017,
  address = {Leipzig},
  title = {Case Matching Effects in Free Relatives and Parasitic Gaps: {{A}} Study on the Properties of Agree},
  school = {Universität Leipzig},
  author = {Himmelreich, Anke},
  year = {2017}
}

@incollection{pittner1996,
  title={Attraktion, Tilgung und Verbposition: zur diachronen und dialektalen Variation beim Relativpronomen im Deutschen},
  author={Pittner, Karin},
  booktitle={Language change and Generative Grammar},
  pages={120--153},
  year={1996},
  publisher={Springer}
}

@book{behaghel1923,
  title={Deutsche Syntax: Eine geschichtliche Darstellung},
  author={Behaghel, Otto},
  year={1923-1932},
  publisher={Winter},
  address={Heidelberg}
}

@incollection{vogel2001,
  address = {Berlin},
  title = {Case Conflict in German Free Relative Constructions: {{An}} Optimality Theoretic Treatment},
  booktitle = {Competition in Syntax},
  publisher = {{Mouton de Gruyter}},
  author = {Vogel, Ralf},
  editor = {Müller, Gereon and Sternefeld, Wolfgang},
  year = {2001},
  pages = {341-375},
  doi = {10.1515/9783110829068.341}
}

@phdthesis{harbert1978,
  title={Gothic syntax: a relational grammar},
  author={Harbert, Wayne Eugene},
  school = {University of Illinois},
  address = {Urbana-Champaign},
  year={1978}
}

@article{gippert1987,
  title = {Zu Den Sekundären {{Kasusaffixen}} Des {{Tocharischen}}},
  volume = {1},
  journal = {Tocharian and Indo-European Studies},
  author = {Gippert, Jost},
  year = {1987},
  pages = {22-39}
}

@article{pittner1995,
  title = {The Case of German Relatives},
  volume = {12},
  doi = {10.1515/tlir.1995.12.3.197},
  number = {3},
  journal = {The linguistic review},
  author = {Pittner, Karin},
  year = {1995},
  pages = {197-231}
}

@incollection{starke2018,
  address = {Oxford},
  title = {Complex Left Branches, Spellout, and Prefixes},
  booktitle = {Exploring Nanosyntax},
  publisher = {{Oxford University Press}},
  author = {Starke, Michal},
  editor = {Baunaz, Lena and De Clercq, Karen and Haegeman, Liliane and Lander, Eric},
  year = {2018},
  pages = {239-249},
  doi = {10.1093/oso/9780190876746.003.0009}
}

@book{caha2019,
  title = {Case competition in Nanosyntax. A study of numeral phrases in Ossetic and Russian.},
  author = {Caha, Pavel},
  year = {2019}
}

@incollection{kiparsky1973,
  title = {``Elsewhere'' in Phonology},
  booktitle = {A {{Festschrift}} for {{Morris Halle}}},
  publisher = {{New York: Holt, Rinehart, \& Winston}},
  author = {Kiparsky, Paul},
  editor = {Anderson, Stephen and Kiparsky, Paul},
  year = {1973},
  pages = {93-106}
}

@article{starke2009,
  title = {Nanosyntax: {{A}} Short Primer to a New Approach to Language},
  volume = {36},
  journal = {Nordlyd},
  author = {Starke, Michal},
  year = {2009},
  pages = {1-6}
}

@book{weber1983,
  title={Relativization and nominalized clauses in Huallaga (Huanuco) Quechua},
  author={Weber, David},
  volume={103},
  year={1983},
  publisher={University of California Press}
}

@article{keenan1977,
  title = {Noun phrase accessibility and universal grammar},
  author = {Keenan, Edward L and Comrie, Bernard},
  journal = {Linguistic inquiry},
  volume = {8},
  number = {1},
  pages = {63--99},
  year = {1977}
}

@inproceedings{arregi2004,
  title = {Restructuring in Basque and the theory of agreement},
  author = {Arregi, Karlos and Molina-Azaola, Gainko},
  booktitle = {Proceedings of the 23rd West Coast Conference on Formal Linguistics},
  pages = {43--56},
  year = {2004},
  editor = {Vineeta Chand, Ann Kelleher, Angelo J. Rodríguez and Benjamin Schmeiser},
  address = {Somerville, MA},
  publisher = {Cascadilla Press}
}


@book{einarsson1949,
  title = {Icelandic: grammar, texts, glossary},
  author = {Einarsson, Stefán},
  year = {1949},
  publisher = {The Johns Hopkins Press},
  adress = {Baltimore}
}

@book{timberlake2004,
  title = {A reference grammar of Russian},
  author = {Timberlake, Alan},
  year = {2004},
  publisher = {Cambridge University Press},
  adress = {New York}
}
