

@incollection{chomsky2000,
  title={Minimalist inquiries: the framework},
  author={Chomsky, Noam},
  journal={Step by Step. Papers in Minimalist Syntax in Honor of Howard Lasnik},
  editor = {Martin, Roger and Michaels, David and Uriagereka, Juan},
  year={2000},
  publisher={MIT Press},
  location={Cambridge, Massachusetts},
  pages={89--155}
}
 
@phdthesis{caponigro2003,
  title={Free not to ask: On the semantics of free relatives and wh-words cross-linguistically},
  author={Caponigro, Ivano},
  year={2003},
  location={Los Angeles},
  school={University of California}
}


@article{baunaz2018a,
  title={Syncretisms with the nominal complementizer},
  author={Baunaz, Lena and Lander, Eric},
  journal={Studia Linguistica},
  volume={72},
  number={3},
  pages={537--570},
  year={2018},
  doi={10.1111/stul.12076}
}


@incollection{vogel2001,
  location = {Berlin},
  title = {Case Conflict in German Free Relative Constructions: {{An}} Optimality Theoretic Treatment},
  booktitle = {Competition in Syntax},
  publisher = {{Mouton de Gruyter}},
  author = {Vogel, Ralf},
  editor = {Müller, Gereon and Sternefeld, Wolfgang},
  year = {2001},
  pages = {341--375},
  doi = {10.1515/9783110829068.341}
}

@incollection{vogel2002,
  location = {Hamburg},
  title = {Free Relative Constructions In OT Syntax},
  booktitle = {Linguistische Berichte. Sonderheft: Vol. 11. Resolving conflicts in grammars: optimality theory in syntax, morphology, and phonology},
  publisher = {Buske},
  author = {Vogel, Ralf},
  editor = {Fanselow, Gisbert and Féry, Caroline},
  year = {2002},
  pages = {119--162}
}

@incollection{bergsma2023,
  title = {A typology of case competition in headless relatives},
  booktitle = {Linguistische Berichte. Sonderhefte 34. Grammatical gaps: definition, typology and theory},
  publisher = {Buske},
  author = {Bergsma, Fenna},
  editor = {Strobel, Thomas and Weiß, Helmut},
  year = {2023}
}

@article{weiss2015,
  title={When the subject follows the object. On a curiosity in the syntax of personal pronouns in some German dialects},
  author={Weiß, Helmut},
  journal={The Journal of Comparative Germanic Linguistics},
  volume={18},
  pages={65--92},
  year={2015},
  publisher={Springer},
  doi={10.1007/s10828-015-9071-4}
}

@incollection{wyngaerd2018,
  location = {Oxford},
  title = {The Feature Structure of Pronouns: A Probe Into Multidimensional Paradigms},
  booktitle = {Exploring Nanosyntax},
  publisher = {Oxford University Press},
  author = {Wyngaerd, Guido Vanden},
  editor = {Baunaz, Lena and De Clercq, Karen and Haegeman, Liliane and Lander, Eric},
  year = {2018},
  pages = {277--304},
  doi = {10.1093/oso/9780190876746.003.0011}
}


@article{sanfelici2021,
  title={Relative clauses in the diachrony of Italian},
  author={Sanfelici, Emanuela and Poletto, Cecilia},
  journal={Journal of Historical Syntax},
  volume={5},
  pages={1--32},
  year={2021},
  doi = {10.18148/hs/2021.v5i1-13.32}
}

@article{weiss2020,
  title={Where do complementizers come from and how did they come about? A Re-Evaluation of the Parataxis-to-Hypotaxis Hypothesis},
  author={Weiß, Helmut},
  journal={Evolutionary Linguistic Theory},
  volume={2},
  number={1},
  pages={30--55},
  year={2020},
  publisher={John Benjamins Publishing Company Amsterdam/Philadelphia},
  doi={10.1075/elt.00014.wei}
}

@book{boretzky1994,
  title={Romani: Grammatik des Kalderaš-Dialektes mit Texten und Glossar},
  author={Boretzky, Norbert},
  location={Wiesbaden},
  publisher={Harrassowitz Verlag},
  year={1994}
}

@incollection{vanriemsdijk2006,
  series = {2},
  title = {Free Relatives},
  booktitle = {The {{Blackwell Companion}} to Syntax},
  publisher = {{Oxford: Blackwell Publishing}},
  author = {Van Riemsdijk, Henk},
  editor = {Everaert, Martin and {van Riemsdijk}, Henk},
  year = {2006},
  pages = {338--382},
  doi = {10.1002/9780470996591.ch27}
}

@book{nikolaeva1999,
  title = {Ostyak},
  location = {München},
  publisher = {Lincom Europa},
  author = {Nikolaeva, Irina},
  year = {1999}
}


@phdthesis{himmelreich2017,
  location = {Leipzig},
  title = {Case Matching Effects in Free Relatives and Parasitic Gaps: {{A}} Study on the Properties of Agree},
  school = {Universität Leipzig},
  author = {Himmelreich, Anke},
  year = {2017}
}

@incollection{pittner1996,
  title={Attraktion, Tilgung und Verbposition: zur diachronen und dialektalen Variation beim Relativpronomen im Deutschen},
  author={Pittner, Karin},
  booktitle={Language change and Generative Grammar},
  pages={120--153},
  year={1996},
  publisher={Springer},
  doi = {10.1007/978-3-322-90776-9_5}
}

@book{caha2019b,
  title={On the difference between a âˆš and a root. Manuscript},
  author={Caha, Pavel and De Clercq, Karen and Vanden Wyngaerd, Guido},
  year={2019},
  location={Ms. Masaryk University, Ghent University, KU Leuven}
}



@incollection{vogel2001,
  location = {Berlin},
  title = {Case Conflict in German Free Relative Constructions: {{An}} Optimality Theoretic Treatment},
  booktitle = {Competition in Syntax},
  publisher = {{Mouton de Gruyter}},
  author = {Vogel, Ralf},
  editor = {MÃ¼ller, Gereon and Sternefeld, Wolfgang},
  year = {2001},
  pages = {341--375},
  doi = {10.1515/9783110829068.341}
}


@phdthesis{harbert1978,
  title={Gothic syntax: a relational grammar},
  author={Harbert, Wayne Eugene},
  school = {University of Illinois},
  location = {Urbana-Champaign},
  year={1978}
}

@article{gippert1987,
  title = {Zu Den SekundÃ¤ren {{Kasusaffixen}} Des {{Tocharischen}}},
  volume = {1},
  journal = {Tocharian and Indo-European Studies},
  author = {Gippert, Jost},
  year = {1987},
  pages = {22--39}
}

@incollection{kiparsky1973,
  title = {``Elsewhere'' in Phonology},
  booktitle = {A {{Festschrift}} for {{Morris Halle}}},
  publisher = {{New York: Holt, Rinehart, \& Winston}},
  author = {Kiparsky, Paul},
  editor = {Anderson, Stephen and Kiparsky, Paul},
  year = {1973},
  pages = {93--106}
}


@article{starke2009,
  title = {Nanosyntax: A Short Primer to a New Approach to Language},
  volume = {36},
  journal = {Nordlyd},
  author = {Starke, Michal},
  year = {2009},
  pages = {1--6}
}


@article{keenan1977,
  title = {Noun phrase accessibility and universal grammar},
  author = {Keenan, Edward L and Comrie, Bernard},
  journal = {Linguistic inquiry},
  volume = {8},
  number = {1},
  pages = {63--99},
  year = {1977}
}

@inproceedings{arregi2004,
  title = {Restructuring in Basque and the theory of agreement},
  author = {Arregi, Karlos and Molina-Azaola, Gainko},
  booktitle = {Proceedings of the 23rd West Coast Conference on Formal Linguistics},
  pages = {43--56},
  year = {2004},
  editor = {Vineeta Chand, Ann Kelleher, Angelo J. RodrÃ­guez and Benjamin Schmeiser},
  location = {Somerville, MA},
  publisher = {Cascadilla Press}
}


@book{einarsson1949,
  title = {Icelandic: grammar, texts, glossary},
  author = {Einarsson, StefÃ¡n},
  year = {1949},
  publisher = {The Johns Hopkins Press},
  adress = {Baltimore}
}

@article{bresnan1978,
  title = {The Syntax of Free Relatives in English},
  volume = {9},
  number = {2},
  journal = {Linguistic Inquiry},
  author = {Bresnan, Joan and Grimshaw, Jane},
  year = {1978},
  pages = {331--391}
}


@inproceedings{groos1981,
  location = {Pisa},
  title = {Matching Effects in Free Relatives: A Parameter of Core Grammar},
  booktitle = {Theory of Markedness in Generative Grammar},
  publisher = {{Scuola Normale Superiore}},
  author = {Groos, Anneke and {van Riemsdijk}, Henk},
  editor = {Adriana Belletti, Luciana Brandi and Rizzi, Luigi},
  year = {1981}
}

@article{citko2005,
  title = {On the Nature of Merge: External Merge, Internal Merge, and Parallel Merge},
  volume = {36},
  number = {4},
  journal = {Linguistic Inquiry},
  author = {Citko, Barbara},
  year = {2005},
  pages = {475--496},
  doi = {10.1162/002438905774464331}
}


@phdthesis{gilligan1987,
  title= {A cross-linguistic approach to the pro-drop parameter},
  author= {Gilligan, Gary Martin},
  year= {1987},
  school= {University of Southern California},
  location= {Los Angeles, CA}
}

@misc{moravcsik1978,
  title = {Agreement},
  author={Moravcsik, Edith A.},
  year={1978},
  publisher={Stanford University Press},
  location = {Stanford},
  editor = {Joseph H. Greenberg, Charles A. Ferguson and Edith A. Moravcsik},
  booktitle = {Universals of Human Language: IV: Syntax},
  pages = {331--374},
  doi={10.2307/413494}
}

@incollection{steel1978,
  title={Word order variation: A typological study},
  author={Steel, Susan},
  year={1978},
  publisher={Stanford University Press},
  location = {Stanford},
  editor = {Joseph H. Greenberg, Charles A. Ferguson and Edith A. Moravcsik},
  booktitle = {Universals of Human Language: IV: Syntax},
  pages = {585--623},
  doi={10.2307/413494}
}

@incollection{bobaljik2006,
  title = {Where's Î¦? Agreement as a Post-Syntactic Operation},
  booktitle = {Phi-Theory: Phi Features Across Interfaces and Modules},
  publisher = {Oxford University Press},
  location = {Oxford},
  author = {Bobaljik, Jonathan},
  editor = {Harbour, Daniel and Adger, David and BÃ©jar, Susana},
  year = {2006},
  pages = {295--328}
}

@article{zaenen1985,
  title={Case and grammatical functions: The Icelandic passive},
  author={Zaenen, Annie and Maling, Joan and ThrÃ¡insson, HÃ¶skuldur},
  journal={Natural Language \& Linguistic Theory},
  volume={3},
  number={4},
  pages={441--483},
  year={1985},
  publisher={Springer},
  doi={10.1163/9789004373235_005}
}


@inproceedings{harley1995,
  title={Abstracting away from abstract case},
  author={Harley, Heidi},
  booktitle={Proceedings-NELS},
  volume={25},
  pages={207--222},
  year={1995},
  organization={University of Massachusetts},
  editors={Jill Beckman},
  publisher={GLSA}
}

@phdthesis{caha2009,
  location = {TromsÃ¸},
  title = {The Nanosyntax of Case},
  school = {University of TromsÃ¸},
  author = {Caha, Pavel},
  year = {2009}
}

@article{baerman2002,
  title={Surrey syncretisms database},
  author={Baerman, Matthew and Brown, Dunstan and Corbett, Greville G},
  year={2002},
  institute = {University of Surrey},
  location = {Surrey},
  doi = {10.15126/SMG.10/1}
}

@book{baerman2005,
  title={The syntax-morphology interface: A study of syncretism},
  author={Baerman, Matthew and Brown, Dunstan and Corbett, Greville G},
  year={2005},
  publisher={Cambridge University Press},
  location = {Cambridge}
}

@mastersthesis{zompi2017,
  title={Case decomposition meets dependent-case theories},
  author={ZompÃ¬, Stanislao},
  institute = {Universita de Pisa},
  location={Pisa},
  year={2017}
}

@article{mcfadden2018,
  title={*ABA in stem-allomorphy and the emptiness of the nominative},
  author={McFadden, Thomas},
  journal={Glossa: a journal of general linguistics},
  volume={3},
  number={1},
  year={2018},
  doi={10.5334/gjgl.373}
}

@article{smith2019,
  title={Case and number suppletion in pronouns},
  author={Smith, Peter W and Moskal, Beata and Xu, Ting and Kang, Jungmin and Bobaljik, Jonathan David},
  journal={Natural Language \& Linguistic Theory},
  volume={37},
  number={3},
  pages={1029--1101},
  year={2019},
  publisher={Springer},
  doi={10.1007/s11049-018-9425-0}
}

@article{miyagawa2004,
  title={Argument structure and ditransitive verbs in Japanese},
  author={Miyagawa, Shigeru and Tsujioka, Takae},
  journal={Journal of East Asian Linguistics},
  volume={13},
  number={1},
  pages={1--38},
  year={2004},
  publisher={Springer},
  doi={10.1023/b:jeal.0000007345.64336.84}
}

@article{grosu2003,
  title = {A Unified Theory of `standard' and `transparent' Free Relatives},
  volume = {21},
  doi = {10.1075/la.55.07gro},
  number = {2},
  journal = {Natural Language and Linguistic Theory},
  author = {Grosu, Alexander},
  year = {2003},
  pages = {247--331}
}

@incollection{moravcsik2009,
  title={The distribution of case},
  author={Moravcsik, Edith A.},
  booktitle={The Oxford handbook of case},
  editor={Andrej Malchukov and Andrew Spencer},
  pages={231â€“-245},
  year={2009},
  adress={Oxford},
  publisher={Oxford University Press},
  doi={10.1093/oxfordhb/9780199206476.013.0016}
}



@book{lockwood1977,
  title={An introduction to modern Faroese},
  author={Lockwood, William Burley},
  year={1977},
  publisher={FÃ¸roya SkÃºlabÃ³kagrunnur},
  location={Torshavn}
}

@inproceedings{daskalaki2011,
  location = {Philadelphia},
  title = {Case Mis-Matching as Kase Stranding},
  volume = {17},
  booktitle = {University of {{Pennsylvania Working Papers}} in {{Linguistics}}},
  publisher = {{Penn Linguistics Club}},
  author = {Daskalaki, Evangelia},
  editor = {Friedman, Lauren A.},
  year = {2011},
  pages = {77--86}
}

@book{bobaljik2012,
  location = {Cambridge},
  title = {Universals In Comparative Morphology},
  publisher = {MIT Press},
  author = {Bobaljik, Jonathan},
  year = {2012},
  doi={10.7551/mitpress/9069.003.0001}
}

@article{bergsma2019,
  title={Mismatches in free relatives - grafting nanosyntactic trees},
  author={Bergsma, Fenna},
  journal={Glossa: a journal of general linguistics},
  volume={4},
  number={1},
  year={2019},
  doi={10.5334/gjgl.821}
}

@incollection{caha2010,
  title={The parameters of case marking and spell out driven movement},
  author={Caha, Pavel},
  journal={Linguistic variation yearbook},
  volume={10},
  number={1},
  pages={32--77},
  year={2010},
  publisher={John Benjamins Publishing Company},
  editor = {{van Craenenbroeck}, Jeroen},
  location = {Amsterdam/Philadelphia},
  doi={10.1075/livy.10.02cah}
}

@article{friedman1991,
  title={Romani nominal inflection: Cases or postpositions},
  author={Friedman, Victor A},
  journal={Problemy opisu gramatycznego jÄ™zykÃ³w sÅ‚owiaÅ„skych, (Studia gramatyczne, Vol. 11)},
  pages={57--63},
  year={1991},
  institute={Polish Academy of Sciences},
  location={Warszaw}
}

@article{caha2013,
  title = {Explaining the structure of case paradigms by the mechanisms of Nanosyntax},
  volume = {31},
  journal = {Natural Language and Linguistic Theory},
  author = {Caha, Pavel},
  year = {2013},
  pages = {1015--1066},
  doi={10.1007/s11049-013-9206-8}
}

@article{vanbaal2018,
  title={Universals in possessive morphology},
  author={Van Baal, Yvonne and Don, Jan},
  journal={Glossa: a journal of general linguistics},
  volume={3},
  number={1},
  year={2018},
  doi={10.5334/gjgl.395}
}

@article{vandenwyngaerd2020,
  title={How to be positive},
  author={Vanden Wyngaerd, Guido and Starke, Michal and De Clercq, Karen and Caha, Pavel},
  journal={Glossa: a journal of general linguistics},
  volume={5},
  number={1},
  year={2020},
  doi={10.5334/gjgl.1114}
}

@article{starke2014,
  title={Cleaning up the lexicon},
  author={Starke, Michal},
  journal={Linguistic Analysis},
  volume={39},
  pages={245--256},
  year={2014}
}


@incollection{grimm1866,
  title={Ãœber einige FÃ¤lle der Attraction},
  author={Grimm, Jacob},
  year={1866},
  booktitle={Kleinere Schriften III. Abhandlungen zur Literatur und Grammatik},
  adress={Berlin},
  editor={Jacob Grimm},
  pages={312--348},
  publisher={DÃ¼mmler}
}

@book{cinque2020,
  location = {Cambridge},
  title = {The Syntax of Relative Clauses: A Unified Double-headed Analysis},
  publisher = {Cambridge University Press},
  author = {Cinque, Guglielmo},
  year = {2020},
  doi = {10.1017%2F9781108856195}
}

@book{wiland2019,
  title={The spell-out algorithm and lexicalization patterns: Slavic verbs and complementizers},
  author={Wiland, Bartosz},
  year={2019},
  publisher = {Language Science Press},
  location = {Berlin}
}

@incollection{harbert1992,
  title={Gothic relative clauses and syntactic theory},
  author={Harbert, Wayne Eugene},
  book={On Germanic linguistics: Issues and methods},
  pages={109--146},
  year={1992},
  publisher={Mouton de Gruyter},
  location={Berlin},
  doi={10.1515/9783110856446.109},
  editor={Rauch, Irmengard and Carr, Gerald F. and Kyes, Robert L.}
}

@incollection{caha2020,
  title={Nanosyntax: some key features},
  author={Caha, Pavel},
  year={2020},
  booktitle = {The Cambridge handbook of Distributed Morphology},
  editor = {Alexiadou, Artemis and Kramer, Ruth and Marantz, Alec and Massuet, Isabel-Oltra},
  publisher = {Cambridge University Press},
  location={Cambridge}
}

@incollection{caha2021a,
  title={Minimalism and Nanosyntax: Reconciling Late Insertion and the Borer-Chomsky Conjecture},
  author={Caha, Pavel},
  year={in press},
  booktitle = {Cambridge Handbook of Minimalism},
  editor = {Grohmann, Kleanthes and Leivada, Evelina},
  publisher = {Cambridge University Press},
  location={Cambridge}
}

@book{arregi2012,
  title={Morphotactics: Basque auxiliaries and the structure of spellout},
  author={Arregi, Karlos and Nevins, Andrew},
  year={2012},
  publisher={Springer},
  location={Dordrecht}
}


@incollection{marantz2000,
  title={Case and licensing},
  author={Marantz, Alec},
  journal={Arguments and case: Explaining Burzioâ€™s generalization},
  pages={11--30},
  year={2000},
  editor = {Reuland, Eric J.},
  publisher = {John Benjamins Publishing Company},
  volume = {34},
  location = {Amsterdam/Philadelphia},
  doi = {10.1075/la.34.04mar}
}


@book{dixon1972,
  title = {The Dyirbal language of north Queensland},
  author = {Dixon, Robert Malcolm Ward},
  volume = {9},
  year = {1972},
  publisher = {Cambridge University Press},
  location = {Cambridge},
  doi = {10.1017/cbo9781139084987}
}

@article{cinque2005,
  title={Deriving Greenberg's Universal 20 and its exceptions},
  author={Cinque, Guglielmo},
  journal={Linguistic inquiry},
  volume={36},
  number={3},
  pages={315--332},
  year={2005},
  doi={10.1162/0024389054396917}
}

@incollection{kakarikos2014,
  title={Case Attraction in Free Relative Clauses of Ancient Greek: A Study of the Syntax--Morphology Interface},
  author={Kakarikos, Konstantinos},
  booktitle={Major Trends in Theoretical and Applied Linguistics},
  pages={289--304},
  year={2014},
  publisher={De Gruyter},
  doi={10.2478/9788376560762.p35},
  location={Berlin, Boston},
  volume={1}
}

@article{krause2016,
  title={ANNIS3: A new architecture for generic corpus query and visualization},
  author={Krause, Thomas and Zeldes, Amir},
  journal={Digital Scholarship in the Humanities},
  volume={31},
  number={1},
  pages={118--139},
  year={2016},
  doi={10.1093/llc/fqu057}
}

@article{harbert1983,
  title={A note on Old English free relatives},
  author={Harbert, Wayne Eugene},
  journal={Linguistic inquiry},
  volume={14},
  number={3},
  pages={549--553},
  year={1983}
}

@article{noussia2015,
  title={The Politics of Food in the Early Cynics},
  author={Noussia-Fantuzzi, Maria},
  journal={Food and History},
  volume={13},
  number={1-3},
  pages={197--211},
  year={2015},
  doi={10.1484/j.food.5.111860}
}

@article{grosu1987,
  title={Pied piping and the matching parameter},
  author={Grosu, Alexander},
  journal={The linguistic review},
  volume={6},
  number={1},
  pages={41--58},
  year={1987},
  doi={10.1515/tlir.1987.6.1.41}
}

@book{citko2013,
  title={Size matters: Multidominance and DP structure in Polish},
  author={Citko, Barbara},
  publisher={Talk at the th Poznan Linguistic Meeting},
  year={2013}
}

@article{erlewine2016,
  title={Unifying Japanese relative clauses: copy-chains and context-sensitivity},
  author={Erlewine, Michael Yoshitaka and Gould, Isaac},
  journal={Glossa: a journal of general linguistics},
  volume={1},
  number={1},
  year={2016},
  doi={10.5334/gjgl.174}
}

@article{citko2004,
  title={On headed, headless, and light-headed relatives},
  author={Citko, Barbara},
  journal={Natural Language \& Linguistic Theory},
  volume={22},
  number={1},
  pages={95--126},
  year={2004},
  doi={10.1023/b:nala.0000005564.33961.e0}
}

@phdthesis{schwarz2009,
  title={Two types of definites in natural language},
  author={Schwarz, Florian},
  year={2009},
  address={Amherst},
  school={University of Massachusetts}
}

@article{spyropoulos2011,
  title={Case conflict in Greek free relatives},
  author={Spyropoulos, Vassilios},
  journal={Morphology and Its Interfaces},
  volume={178},
  pages={21--56},
  year={2011},
  doi={10.1075/la.178.05spy}
}

@article{hanink2018,
  title={Super light-headed relatives, missing prepositions, and span-conditioned allomorphy in German},
  author={Hanink, Emily A},
  journal={The Journal of Comparative Germanic Linguistics},
  volume={21},
  number={2},
  pages={247--290},
  year={2018},
  doi={10.1007/s10828-018-9096-6}
}


@article{harley2002,
  title={Person and number in pronouns: A feature-geometric analysis},
  author={Harley, Heidi and Ritter, Elizabeth},
  journal={Language},
  pages={482--526},
  volume={78},
  issue={3},
  year={2002},
  doi={10.1353/lan.2002.0158}
}

@book{grosu1994,
  title={Three studies in locality and case},
  author={Grosu, Alexander},
  year={2003},
  publisher={Routledge},
  location={London/New York},
  doi={10.4324/9780203427132}
}

@article{sÌ†imÃ­k2020,
  title={Free Relatives},
  author={SÌ†imÃ­k, Radek},
  journal={The Wiley Blackwell Companion to Semantics},
  pages={1--38},
  year={2020},
  doi={10.1002/9781118788516.sem093}
}

@book{durrell2016,
  title={Hammer's German grammar and usage},
  author={Durrell, Martin},
  location={London/New York},
  year={2016},
  publisher={Routledge},
  doi={10.4324/9781315722634},
  edition={6th}
}

@incollection{cinqueforthcoming,
  title={Some notes on externalization},
  author = {Cinque, Guglielmo},
  year={forthcoming},
  publisher={Oxford University Press},
  address = {Oxford},
  editor={Ãngel J. Gallego and Dennis Ott},
  booktitle={Cartography and Explanatory Adequacy}
}

@article{lander2018,
  title={The nanosyntax of spatial deixis},
  author={Lander, Eric and Haegeman, Liliane},
  journal={Studia linguistica},
  volume={72},
  number={2},
  pages={362--427},
  year={2018},
  doi={10.1111/stul.12061}
}

@phdthesis{hachem2015,
  address = {Utrecht},
  title = {Multifunctionality. {{The Internal}} and {{External Syntax}} of d- and w-{{Items}} in {{German}} and {{Dutch}}},
  school = {Utrecht University},
  author = {Hachem, Mirjam},
  year = {2015}
}

@article{rooth1992,
  title = {A Theory of Focus Interpretation},
  volume = {1},
  number = {1},
  journal = {Natural Language Semantics},
  author = {Rooth, Mats},
  year = {1992},
  pages = {76--116},
  doi = {10.1007/bf02342617}
}

@phdthesis{rooth1985,
  address = {Amherst},
  title = {Association with Focus},
  school = {University of Massachusets},
  author = {Rooth, Mats},
  year = {1985}
}

@inproceedings{colasanti2019,
  title={Spatial and discourse deixis and the speech act structure of nominals},
  author={Colasanti, Valentina and Wiltschko, Martina},
  booktitle = {Proceedings of the Canadian Association Annual Meeting (CLA)},
  year={2019}
}

@book{baker2003,
  title={Lexical categories: Verbs, nouns and adjectives},
  author={Baker, Mark Cleland},
  doi={10.1017/cbo9780511615047},
  year={2003},
  publisher={Cambridge University Press},
  location={Cambridge}
}

@incollection{cardinaletti1994,
  title = {The Typology of Structural Deficiency. On the Three Grammatical Classes},
  booktitle = {Working Papers in Linguistics},
  publisher = {University of Venice},
  author = {Cardinaletti, Anna and Starke, Michal},
  year = {1994},
  pages = {41--109},
  volume = {4},
  number = {2}
}


@book{swan2002,
  title={A grammar of contemporary Polish},
  author={Swan, Oscar E},
  year={2002},
  publisher={Slavica},
  location={Bloomington, IN}
}

@article{simik2016,
  title={On the semantics of Czech free relatives},
  author={Å imÃ­k, Radek},
  year={2016},
  volume={64},
  number={1},
  pages={109--129},
  journal={Linguistica Brunensia}
}

@article{caha2021,
  title={Modeling declensions without declension features. The case of Russian},
  author={Caha, Pavel},
  year={2021},
  doi={10.1556/2062.2021.00433},
  journal={Acta Linguistica Academica}
}

@article{de2018,
  title={Unmerging analytic comparatives},
  author={De Clercq, Karen and Vanden Wyngaerd, Guido},
  journal={Jezikoslovlje},
  volume={19},
  number={3},
  pages={341--363},
  year={2018}
}

@article{caha2019a,
  title={The fine structure of the comparative},
  author={Caha, Pavel and De Clercq, Karen and Vanden Wyngaerd, Guido},
  journal={Studia Linguistica},
  volume={73},
  number={3},
  pages={470--521},
  year={2019}
}

@article{franks2004,
  title={Pronominal clitics in Slavic},
  author={Franks, Steven and Junghanns, Uwe and Law, Paul},
  journal={Journal of Slavic linguistics},
  volume={12},
  pages={3--36},
  year={2004}
}


@article{picallo2008,
  title={Gender and number in Romance},
  author={Picallo, M Carme},
  journal={Lingue e linguaggio},
  volume={7},
  number={1},
  pages={47--66},
  year={2008}
}

@article{kramer2016,
  title={The location of gender features in the syntax},
  author={Kramer, Ruth},
  journal={Language and linguistics Compass},
  volume={10},
  number={11},
  pages={661--677},
  year={2016},
  doi={10.1111/lnc3.12226}
}

@article{bittner1996,
  title={The structural determination of case and agreement},
  author={Bittner, Maria and Hale, Ken},
  journal={Linguistic inquiry},
  pages={1--68},
  year={1996},
  volume={27}
}


@incollection{hartmann1978,
  title={Verschmelzungen als Varianten des bestimmten Artikels},
  author={Hartmann, Dietrich},
  booktitle={Sprache in Gegenwart und Geschichte. Festschrift fÃ¼r Heinrich Matthias Heinrichs},
  pages={68--81},
  year={1978},
  editor={Hartmann, Dietrich and Linke, HansjÃ¼rgen and Ludwig, Otto},
  publisher = {BÃ¶hlau},
  address={KÃ¶ln}
}

@article{emonds1979,
  title={Appositive relatives have no properties},
  author={Emonds, Joseph},
  journal={Linguistic Inquiry},
  pages={211--243},
  year={1979},
  volume={10}
}


@book{carlson1977,
  title={Remarks on the syntax of Free Relative Clauses [Unpublished manuscript]},
  author={Carlson, Lauri},
  address={Linguistics and philosophy department, MIT},
  year={1977}
}

@book{karlsson2013,
  title={Finnish: An essential grammar},
  author={Karlsson, Fred},
  year={2013},
  publisher={Routledge},
  location={London/New York},
  doi={10.4324/9780203008713}
}

@article{starke2017,
  title={Resolving (DAT = ACC) â‰  GEN},
  author={Starke, Michal},
  year={2017},
  doi={10.5334/gjgl.408},
  journal={Glossa: a journal of general linguistics},
  volume={2},
  number={1}
}

@inproceedings{ingria1990,
  title = {The Limits of Unification},
  doi = {10.3115/981823.981848},
  booktitle = {Proceedings of the 28th {{Annual Meeting}} of the {{Association}} for {{Computational Linguistics}}},
  author = {Ingria, Robert},
  year = {1990},
  pages = {194--204}
}


@inproceedings{zaenen1984,
  address = {Somerville, Massachusetts},
  title = {Morphological Non-Distinctiveness and Coordination},
  booktitle = {Proceedings of the {{First Eastern States Conference}} on {{Linguistics}}},
  publisher = {{Cascadilla Press}},
  author = {Zaenen, Annie and Karttunen, Lauri},
  editor = {Alvarez, Gloria and Brodie, Belinda and McCoy, Terry},
  year = {1984},
  pages = {309--320}
}

@article{dyta1984,
  title = {Across-the-Board Dependencies and Case in {{Polish}}},
  volume = {15},
  number = {4},
  journal = {Linguistic inquiry},
  author = {Dyta, Stefan},
  year = {1984},
  pages = {701--705}
}

@article{pullum1986,
  title = {Phonological Resolution of Syntactic Feature Conflict},
  volume = {62},
  doi = {10.2307/415171},
  journal = {Language},
  author = {Pullum, Geoffrey and Zwicky, Arnold},
  year = {1986},
  pages = {751--773}
}

@article{dalrymple2000,
  title = {Feature Indeterminacy and Feature Resolution},
  volume = {76},
  doi = {10.2307/417199},
  number = {4},
  journal = {Language},
  author = {Dalrymple, Mary and Kaplan, Ronald M.},
  year = {2000},
  pages = {759--798}
}

@inproceedings{sag2003,
  address = {Stanford},
  title = {Coordination and Underspecification},
  booktitle = {Proceedings of the 9th {{HPSG}} Conference},
  publisher = {{Stanford University}},
  author = {Sag, Ivan A},
  year = {2003},
  pages = {267--291}
}


